@misc{soumu,
  author = {総務省},
  title = {総務省｜放送政策の推進｜4K・8K放送の推進},
  howpublished = "\url{http://www.soumu.go.jp/menu_seisaku/ictseisaku/housou_suishin/4k8k_suishin.html}",
  note = "最終アクセス 2018年1月4日"
}
